@IEEEtranBSTCTL{IEEEexample:BSTcontrol,
CTLuse_forced_etal = "yes",
CTLmax_names_forced_etal = "3",
CTLnames_show_etal = "3"
}

@INPROCEEDINGS{crick-et-al_wssspe2,
  author = {Tom Crick and Benjamin A. Hall and Samin Ishtiaq},
  title = {{``Can I Implement Your Algorithm?'': A Model for Reproducible Research Software}},
  booktitle = {{2nd International Workshop on Sustainable Software for Science: Practice and Experiences (WSSSPE2)}},
  year = {2014},
  note = {(submitted, under review)},
  owner = {tom}
}